<record><leader>00000cas a2200000Ma 4500</leader><controlfield tag="001">11121989</controlfield><controlfield tag="008">840905d18471849inuwr ne      0    0eng d</controlfield><datafield ind1=" " ind2=" " tag="010"><subfield code="a">sn 84023988 </subfield></datafield><datafield ind1=" " ind2=" " tag="040"><subfield code="a">AQM</subfield><subfield code="b">eng</subfield><subfield code="c">AQM</subfield><subfield code="d">OCLCQ</subfield><subfield code="d">IUL</subfield></datafield><datafield ind1=" " ind2=" " tag="043"><subfield code="a">n-us-in</subfield></datafield><datafield ind1="0" ind2=" " tag="130"><subfield code="a">Tippecanoe journal and Lafayette free press (Lafayette, Ind. : 1847)</subfield></datafield><datafield ind1="1" ind2="4" tag="245"><subfield code="a">The Tippecanoe journal and Lafayette free-press.</subfield></datafield><datafield ind1="1" ind2="3" tag="246"><subfield code="a">Journal and free press</subfield></datafield><datafield ind1=" " ind2=" " tag="260"><subfield code="a">Lafayette, Ind. :</subfield><subfield code="b">John B. Semans,</subfield><subfield code="c">1847-1849.</subfield></datafield><datafield ind1=" " ind2=" " tag="300"><subfield code="a">volumes</subfield></datafield><datafield ind1=" " ind2=" " tag="310"><subfield code="a">Weekly</subfield></datafield><datafield ind1="0" ind2=" " tag="362"><subfield code="a">Vol. 6, no. 45 (May 27, 1847)-v. 1, no. 9 (Jan. 11, 1849).</subfield></datafield><datafield ind1=" " ind2="0" tag="651"><subfield code="a">Lafayette (Ind.)</subfield><subfield code="v">Newspapers.</subfield></datafield><datafield ind1=" " ind2="0" tag="651"><subfield code="a">Tippecanoe County (Ind.)</subfield><subfield code="v">Newspapers.</subfield></datafield><datafield ind1=" " ind2="7" tag="655"><subfield code="a">Newspapers.</subfield><subfield code="2">rbgenr</subfield></datafield><datafield ind1=" " ind2=" " tag="752"><subfield code="a">United States</subfield><subfield code="b">Indiana</subfield><subfield code="c">Tippecanoe</subfield><subfield code="d">Lafayette.</subfield></datafield><datafield ind1="0" ind2="0" tag="780"><subfield code="t">Journal &amp; free-press (Lafayette, Ind. : 1846)</subfield><subfield code="w">(DLC)sn 86059095</subfield><subfield code="w">(OCoLC)14962810</subfield></datafield><datafield ind1="0" ind2="0" tag="785"><subfield code="t">Lafayette weekly journal (Lafayette, Ind. : 1849)</subfield><subfield code="w">(DLC)sn 82003378</subfield><subfield code="w">(OCoLC)8801424</subfield></datafield></record>